@misc{Ethereum2024LightClients,
  author       = "Ethereum",
  title        = "What is the current state of light client development?",
  howpublished = "\url{https://ethereum.org/en/developers/docs/nodes-and-clients/light-clients\#current-state-of-development}",
  month        = "",
  year         = "2024",
  note         = "Accessed July 2024",
  annote       = ""
}

@misc{Argument2024ZKLight,
  author       = "Argument",
  title        = "Unveiling Our ZK-Light Clients for Ethereum and Aptos",
  howpublished = "\url{https://argument.xyz/blog/aptos-eth/}",
  month        = "",
  year         = "2024",
  note         = "Accessed July 2024",
  annote       = ""
}
@misc{Nakamoto2008Bitcoin,
  author       = {Nakamoto, Satoshi},
  title        = {Bitcoin: A Peer-to-Peer Electronic Cash System},
  year         = {2008},
  howpublished = {\url{https://bitcoin.org/bitcoin.pdf}},
  note         = {White paper}
}

@inproceedings{Kiayias2020Nipopow,
  author    = {Aggelos Kiayias and Andrew Miller and Dionysis Zindros},
  title     = {Non-Interactive Proofs of Proof-of-Work},
  booktitle = {Financial Cryptography and Data Security (FC)},
  series    = {LNCS},
  volume    = {12059},
  pages     = {505--522},
  year      = {2020},
  publisher = {Springer}
}

@inproceedings{Bunz2020FlyClient,
  author    = {Benedikt B{\"u}nz and Lukas Kiffer and Loi Luu and Mahdi Zamani},
  title     = {FlyClient: Super-Light Clients for Cryptocurrencies},
  booktitle = {IEEE Symposium on Security and Privacy},
  pages     = {928--946},
  year      = {2020},
  publisher = {IEEE}
}

@techreport{Chatzigiannis2021SoK,
  author      = {Panagiotis Chatzigiannis and Foteini Baldimtsi and Konstantinos Chalkias},
  title       = {{SoK}: Blockchain Light Clients},
  institution = {IACR Cryptology ePrint Archive},
  number      = {2021/1657},
  year        = {2021},
  url         = {https://eprint.iacr.org/2021/1657}
}

@misc{Bonnet2020Stateless,
  title={Stateless Distributed Ledgers}, 
  author={François Bonnet and Quentin Bramas and Xavier Défago},
  year={2020},
  eprint={2006.10985},
  archivePrefix={arXiv},
  primaryClass={cs.CR},
  url={https://arxiv.org/abs/2006.10985}, 
}

@misc{Goes2020IBC,
  author       = {Goes, Christopher},
  title        = {The Inter-Blockchain Communication Protocol: An Overview},
  howpublished = {arXiv:2006.15918},
  year         = {2020},
  url          = {https://arxiv.org/abs/2006.15918}
}

@misc{Gabizon2021Plumo,
  author       = {Psi Vesely and Kobi Gurkan and Michael Straka and Ariel Gabizon and Philipp Jovanovic and Georgios Konstantopoulos and Asa Oines and Marek Olszewski and Eran Tromer},
  title        = {Plumo: An Ultralight Blockchain Client},
  howpublished = {Cryptology {ePrint} Archive, Paper 2021/1361},
  year         = {2021},
  url          = {https://eprint.iacr.org/2021/1361}
}

@techreport{Bonneau2020Coda,
  author      = {Joseph Bonneau and Izaak Meckler and Vanishree Rao and Evan Shapiro},
  title       = {Coda: Decentralized Cryptocurrency at Scale},
  institution = {IACR Cryptology ePrint Archive},
  number      = {2020/352},
  year        = {2020},
  url         = {https://eprint.iacr.org/2020/352}
}

@inproceedings{Badertscher2018Samasika,
  author    = {Christian Badertscher and Peter Gazi and Aggelos Kiayias and Alexander Russell and Vassilis Zikas},
  title     = {Ouroboros Samasika: A Provably Secure Blockchain Protocol for Dynamic Availability},
  booktitle = {ACM Conference on Computer and Communications Security (CCS)},
  pages     = {913--930},
  year      = {2018},
  publisher = {ACM}
}

@misc{Succinct2023Telepathy,
  author       = {{Succinct Labs}},
  title        = {Telepathy Protocol Documentation},
  year         = {2023},
  howpublished = {\url{https://docs.telepathy.xyz/telepathy-protocol/overview}}
}

@misc{Succinct2025SP1,
  author       = {{Succinct Labs}},
  title        = {IBC Eureka × SP1: Unlocking Modular Interoperability},
  year         = {2025},
  howpublished = {\url{https://university.mitosis.org/ibc-eureka-meets-mitosis-unlocking-modular-interoperability-with-succincts-sp1}}
}

@misc{StarkWare2025STwo,
  author       = {{StarkWare}},
  title        = {S-Two: A High-Performance STARK Prover},
  year         = {2025},
  howpublished = {\url{https://starkware.co/blog/s-two-prover}}
}

@misc{A16Z2024Helios,
  author       = {{a16z Crypto}},
  title        = {Helios: A Multichain Light Client},
  year         = {2024},
  howpublished = {\url{https://github.com/a16z/helios}}
}

@misc{Habock2024CircleSTARKs,
      author = {Ulrich Haböck and David Levit and Shahar Papini},
      title = {Circle {STARKs}},
      howpublished = {Cryptology {ePrint} Archive, Paper 2024/278},
      year = {2024},
      url = {https://eprint.iacr.org/2024/278}
}

@techreport{Srinivasan2023HyperNova,
  author      = {Srivatsan Srinivasan and Alexander Chepurnoy and Charalampos Papamanthou and Anca Tomescu and Yupeng Zhang},
  title       = {HyperNova: Recursive Arguments over Compressed Circuit Shapes},
  institution = {IACR Cryptology ePrint Archive},
  number      = {2023/573},
  year        = {2023},
  url         = {https://eprint.iacr.org/2023/573}
}

@techreport{Bunz2023PoSPoS,
  author      = {Benedikt Bünz and Benjamin Fisch and Benedikt Schifferer},
  title       = {Proofs of Proof-of-Stake with Sublinear Complexity},
  institution = {arXiv},
  year        = {2023},
  howpublished = {arXiv:2209.08673}
}

@misc{Boneh2020Halo,
  author = {Dan Boneh and Justin Drake and Ben Fisch and Ariel Gabizon},
  title = {Halo Infinite: Recursive zk-{SNARKs} from any Additive Polynomial Commitment Scheme},
  howpublished = {Cryptology {ePrint} Archive, Paper 2020/1536},
  year = {2020},
  url = {https://eprint.iacr.org/2020/1536}
}

@misc{Kothapalli2021Nova,
  author = {Abhiram Kothapalli and Srinath Setty and Ioanna Tzialla},
  title = {Nova: Recursive Zero-Knowledge Arguments from Folding Schemes},
  howpublished = {Cryptology {ePrint} Archive, Paper 2021/370},
  year = {2021},
  url = {https://eprint.iacr.org/2021/370}
}

@misc{Kothapalli2022SuperNova,
  author = {Abhiram Kothapalli and Srinath Setty},
  title = {{SuperNova}: Proving universal machine executions without universal circuits},
  howpublished = {Cryptology {ePrint} Archive, Paper 2022/1758},
  year = {2022},
  url = {https://eprint.iacr.org/2022/1758}
}

@misc{PolygonZero2022Plonky2,
  author = {{Polygon Zero Team}},
  title = {{Plonky2}: Fast Recursive Arguments with PLONK and FRI},
  howpublished = {Tech. report (Sept 2022), available online at docs.rs/plonky2},
  year = {2022}
}

@misc{StarkWare2023Stone,
  author = {{StarkWare Industries}},
  title = {Stone Prover: Cairo STARK Recursive Proof System},
  howpublished = {Open-sourced implementation, Apache 2.0 license, Aug 2023. Available: \url{https://github.com/StarkWare-Libs/stone}},
  year = {2023}
}

@techreport{Aumayr2024Blink,
  author    = {Lukas Aumayr and Zeta Avarikioti and Matteo Maffei and Giulia Scaffino and Dionysis Zindros},
  title     = {Blink: An Optimal Proof of Proof-of-Work},
  institution = {IACR Cryptology ePrint Archive},
  year      = {2024}
}

@inproceedings{Kwon2014Tendermint,
  title  = {Tendermint : Consensus without Mining},
  author = {Jae Kwon},
  year   = {2014},
  url    = {https://api.semanticscholar.org/CorpusID:52061503}
}

@misc{Ethereum2025ConsensusSpecs,
  author       = {{Ethereum}},
  year         = {2025},
  month        = {jul 9},
  title        = {ethereum/consensus-specs},
  url          = {https://github.com/ethereum/consensus-specs},
  howpublished = {https://github.com/ethereum/consensus-specs}
}

@misc{Goel2022IBCZKSnarks,
  author       = {Garvit Goel and Jinank Jain},
  title        = {{B}ringing {I}{B}{C} to {E}thereum using {Z}{K}-{S}narks},
  howpublished = {\url{https://ethresear.ch/t/13634}},
  year         = {2022},
  note         = {[Accessed 14-07-2025]}
}
@misc{Prime2025Garaga,
  author       = {{FeltroidPrime}},
  year         = {2025},
  month        = {jun 23},
  title        = {keep-starknet-strange/garaga},
  url          = {https://github.com/keep-starknet-strange/garaga},
  howpublished = {https://github.com/keep-starknet-strange/garaga}
}

